
@BOOK{Bauerhansl2014,
AUTHOR="Thomas Bauerhansl and Michael ten Hompel and Birgit Vogel-Heuser",

TITLE="Industrie 4.0 in Produktion, Automatisierung und Logistik",

PUBLISHER="Springer Vieweg",

YEAR="2014",
}